@article {teloaging,
    doi = {10.1152/physrev.00026.2007},
    year = {2008},
    month = apr,
    publisher = {American Physiological Society},
    volume = {88},
    number = {2},
    author = {Geraldine Aubert and Peter M. Lansdorp},
    title = {Telomeres and Aging},
    journal = {Physiological Reviews}
}

@article {teloeffects,
    doi = {10.1097/mco.0b013e32834121b1},
    year = {2011},
    month = jan,
    publisher = {Ovid Technologies (Wolters Kluwer Health)},
    volume = {14},
    number = {1},
    author = {Masood A Shammas},
    title = {Telomeres,  lifestyle,  cancer,  and aging},
    journal = {Current Opinion in Clinical Nutrition and Metabolic Care}
}

@article {telovars1989,
    doi = {10.1093/nar/17.12.4611},
    year = {1989},
    publisher = {Oxford University Press ({OUP})},
    volume = {17},
    number = {12},
    author = {Robin C Allshire and Maureen Dempster and Nicholas D. Hastie},
    title = {Human telomeres contain at least three types of G{\textendash}rich repeat distributed non-randomly},
    journal = {Nucleic Acids Research}
}

@article {telovars1999,
    doi = {10.1093/hmg/8.9.1637},
    year = {1999},
    month = sep,
    publisher = {Oxford University Press ({OUP})},
    volume = {8},
    number = {9},
    author = {J. Coleman and D. M. Baird and N. J. Royle},
    title = {The Plasticity of Human Telomeres Demonstrated by a Hypervariable Telomere Repeat Array That Is Located on Some Copies of 16p and 16q},
    journal = {Human Molecular Genetics}
}

@article {telovars2018,
    doi = {10.1093/nar/gky297},
    year = {2018},
    month = apr,
    publisher = {Oxford University Press ({OUP})},
    volume = {46},
    number = {10},
    author = {Michael Lee and Erdahl T Teber and Oliver Holmes and Katia Nones and Ann-Marie Patch and Rebecca A Dagg and Loretta M~S Lau and Joyce H Lee and Christine E Napier and Jonathan W Arthur and Sean M Grimmond and Nicholas K Hayward and Peter A Johansson and Graham J Mann and Richard A Scolyer and James S Wilmott and Roger R Reddel and John V Pearson and Nicola Waddell and Hilda A Pickett},
    title = {Telomere sequence content can be used to determine {ALT} activity in tumours},
    journal = {Nucleic Acids Research}
}

@article {telovars2019,
    doi = {10.1093/nar/gky1289},
    year = {2019},
    month = jan,
    publisher = {Oxford University Press ({OUP})},
    volume = {47},
    number = {4},
    author = {Alina Bluhm and Nikenza Viceconte and Fudong Li and Grishma Rane and Sandra Ritz and Suman Wang and Michal Levin and Yunyu Shi and Dennis Kappei and Falk Butter},
    title = {{ZBTB}10 binds the telomeric variant repeat {TTGGGG} and interacts with {TRF}2},
    journal = {Nucleic Acids Research}
}

@article {giab,
    doi = {10.1038/s41587-019-0074-6},
    year = {2019},
    month = apr,
    publisher = {Springer Science and Business Media {LLC}},
    volume = {37},
    number = {5},
    author = {Justin M. Zook and Jennifer McDaniel and Nathan D. Olson and Justin Wagner and Hemang Parikh and Haynes Heaton and Sean A. Irvine and Len Trigg and Rebecca Truty and Cory Y. McLean and Francisco M. De La Vega and Chunlin Xiao and Stephen Sherry and Marc Salit},
    title = {An open resource for accurately benchmarking small variant and reference calls},
    journal = {Nature Biotechnology}
}

@article {pacbio,
    doi = {10.1126/science.1162986},
    year = {2009},
    month = jan,
    publisher = {American Association for the Advancement of Science ({AAAS})},
    volume = {323},
    number = {5910},
    author = {J. Eid and A. Fehr and J. Gray and K. Luong and J. Lyle and G. Otto and P. Peluso and D. Rank and P. Baybayan and B. Bettman and A. Bibillo and K. Bjornson and B. Chaudhuri and F. Christians and R. Cicero and S. Clark and R. Dalal and A. deWinter and J. Dixon and M. Foquet and A. Gaertner and P. Hardenbol and C. Heiner and K. Hester and D. Holden and G. Kearns and X. Kong and R. Kuse and Y. Lacroix and S. Lin and P. Lundquist and C. Ma and P. Marks and M. Maxham and D. Murphy and I. Park and T. Pham and M. Phillips and J. Roy and R. Sebra and G. Shen and J. Sorenson and A. Tomaney and K. Travers and M. Trulson and J. Vieceli and J. Wegener and D. Wu and A. Yang and D. Zaccarin and P. Zhao and F. Zhong and J. Korlach and S. Turner},
    title = {Real-Time {DNA} Sequencing from Single Polymerase Molecules},
    journal = {Science}
}

@article {pacbioccs,
    doi = {10.1093/nar/gky066},
    year = {2018},
    month = feb,
    publisher = {Oxford University Press ({OUP})},
    volume = {46},
    number = {5},
    author = {Simon Ardui and Adam Ameur and Joris R Vermeesch and Matthew S Hestand},
    title = {Single molecule real-time ({SMRT}) sequencing comes of age: applications and utilities for medical diagnostics},
    journal = {Nucleic Acids Research}
}

@article {illumina,
    doi = {10.1038/nature07517},
    year = {2008},
    month = nov,
    publisher = {Springer Science and Business Media {LLC}},
    volume = {456},
    number = {7218},
    author = {David R. Bentley and Shankar Balasubramanian and Harold P. Swerdlow and Geoffrey P. Smith and John Milton and Clive G. Brown and Kevin P. Hall and Dirk J. Evers and Colin L. Barnes and Helen R. Bignell and Jonathan M. Boutell and Jason Bryant and Richard J. Carter and R. Keira Cheetham and Anthony J. Cox and Darren J. Ellis and Michael R. Flatbush and Niall A. Gormley and Sean J. Humphray and Leslie J. Irving and Mirian S. Karbelashvili and Scott M. Kirk and Heng Li and Xiaohai Liu and Klaus S. Maisinger and Lisa J. Murray and Bojan Obradovic and Tobias Ost and Michael L. Parkinson and Mark R. Pratt and Isabelle M. J. Rasolonjatovo and Mark T. Reed and Roberto Rigatti and Chiara Rodighiero and Mark T. Ross and Andrea Sabot and Subramanian V. Sankar and Aylwyn Scally and Gary P. Schroth and Mark E. Smith and Vincent P. Smith and Anastassia Spiridou and Peta E. Torrance and Svilen S. Tzonev and Eric H. Vermaas and Klaudia Walter and Xiaolin Wu and Lu Zhang and Mohammed D. Alam and Carole Anastasi and Ify C. Aniebo and David M. D. Bailey and Iain R. Bancarz and Saibal Banerjee and Selena G. Barbour and Primo A. Baybayan and Vincent A. Benoit and Kevin F. Benson and Claire Bevis and Phillip J. Black and Asha Boodhun and Joe S. Brennan and John A. Bridgham and Rob C. Brown and Andrew A. Brown and Dale H. Buermann and Abass A. Bundu and James C. Burrows and Nigel P. Carter and Nestor Castillo and Maria Chiara E. Catenazzi and Simon Chang and R. Neil Cooley and Natasha R. Crake and Olubunmi O. Dada and Konstantinos D. Diakoumakos and Belen Dominguez-Fernandez and David J. Earnshaw and Ugonna C. Egbujor and David W. Elmore and Sergey S. Etchin and Mark R. Ewan and Milan Fedurco and Louise J. Fraser and Karin V. Fuentes Fajardo and W. Scott Furey and David George and Kimberley J. Gietzen and Colin P. Goddard and George S. Golda and Philip A. Granieri and David E. Green and David L. Gustafson and Nancy F. Hansen and Kevin Harnish and Christian D. Haudenschild and Narinder I. Heyer and Matthew M. Hims and Johnny T. Ho and Adrian M. Horgan and Katya Hoschler and Steve Hurwitz and Denis V. Ivanov and Maria Q. Johnson and Terena James and T. A. Huw Jones and Gyoung-Dong Kang and Tzvetana H. Kerelska and Alan D. Kersey and Irina Khrebtukova and Alex P. Kindwall and Zoya Kingsbury and Paula I. Kokko-Gonzales and Anil Kumar and Marc A. Laurent and Cynthia T. Lawley and Sarah E. Lee and Xavier Lee and Arnold K. Liao and Jennifer A. Loch and Mitch Lok and Shujun Luo and Radhika M. Mammen and John W. Martin and Patrick G. McCauley and Paul McNitt and Parul Mehta and Keith W. Moon and Joe W. Mullens and Taksina Newington and Zemin Ning and Bee Ling Ng and Sonia M. Novo and Michael J. O'Neill and Mark A. Osborne and Andrew Osnowski and Omead Ostadan and Lambros L. Paraschos and Lea Pickering and Andrew C. Pike and Alger C. Pike and D. Chris Pinkard and Daniel P. Pliskin and Joe Podhasky and Victor J. Quijano and Come Raczy and Vicki H. Rae and Stephen R. Rawlings and Ana Chiva Rodriguez and Phyllida M. Roe and John Rogers and Maria C. Rogert Bacigalupo and Nikolai Romanov and Anthony Romieu and Rithy K. Roth and Natalie J. Rourke and Silke T. Ruediger and Eli Rusman and Raquel M. Sanches-Kuiper and Martin R. Schenker and Josefina M. Seoane and Richard J. Shaw and Mitch K. Shiver and Steven W. Short and Ning L. Sizto and Johannes P. Sluis and Melanie A. Smith and Jean Ernest Sohna Sohna and Eric J. Spence and Kim Stevens and Neil Sutton and Lukasz Szajkowski and Carolyn L. Tregidgo and Gerardo Turcatti and Stephanie vandeVondele and Yuli Verhovsky and Selene M. Virk and Suzanne Wakelin and Gregory C. Walcott and Jingwen Wang and Graham J. Worsley and Juying Yan and Ling Yau and Mike Zuerlein and Jane Rogers and James C. Mullikin and Matthew E. Hurles and Nick J. McCooke and John S. West and Frank L. Oaks and Peter L. Lundberg and David Klenerman and Richard Durbin and Anthony J. Smith},
    title = {Accurate whole human genome sequencing using reversible terminator chemistry},
    journal = {Nature}
}

@article {hg38,
    doi = {10.1038/35057062},
    year = {2001},
    month = feb,
    publisher = {Springer Science and Business Media {LLC}},
    volume = {409},
    number = {6822},
    title = {Initial sequencing and analysis of the human genome},
    journal = {Nature}
}

@article {grch38,
    doi = {10.1101/gr.213611.116},
    year = {2017},
    month = apr,
    publisher = {Cold Spring Harbor Laboratory},
    volume = {27},
    number = {5},
    author = {Valerie A. Schneider and Tina Graves-Lindsay and Kerstin Howe and Nathan Bouk and Hsiu-Chuan Chen and Paul A. Kitts and Terence D. Murphy and Kim D. Pruitt and Fran{\c{c}}oise Thibaud-Nissen and Derek Albracht and Robert S. Fulton and Milinn Kremitzki and Vincent Magrini and Chris Markovic and Sean McGrath and Karyn Meltz Steinberg and Kate Auger and William Chow and Joanna Collins and Glenn Harden and Timothy Hubbard and Sarah Pelan and Jared T. Simpson and Glen Threadgold and James Torrance and Jonathan M. Wood and Laura Clarke and Sergey Koren and Matthew Boitano and Paul Peluso and Heng Li and Chen-Shan Chin and Adam M. Phillippy and Richard Durbin and Richard K. Wilson and Paul Flicek and Evan E. Eichler and Deanna M. Church},
    title = {Evaluation of {GRCh}38 and de novo haploid genome assemblies demonstrates the enduring quality of the reference assembly},
    journal = {Genome Research}
}

@article {riethman2014,
    doi = {10.1101/gr.166983.113},
    year = {2014},
    month = mar,
    publisher = {Cold Spring Harbor Laboratory},
    volume = {24},
    number = {6},
    author = {N. Stong and Z. Deng and R. Gupta and S. Hu and S. Paul and A. K. Weiner and E. E. Eichler and T. Graves and C. C. Fronick and L. Courtney and R. K. Wilson and P. M. Lieberman and R. V. Davuluri and H. Riethman},
    title = {Subtelomeric {CTCF} and cohesin binding site organization using improved subtelomere assemblies and a novel annotation pipeline},
    journal = {Genome Research}
}

@article {minimap,
    doi = {10.1093/bioinformatics/bty191},
    year = {2018},
    month = may,
    publisher = {Oxford University Press ({OUP})},
    volume = {34},
    number = {18},
    author = {Heng Li},
    title = {Minimap2: pairwise alignment for nucleotide sequences},
    journal = {Bioinformatics}
}

@article {t2t,
    doi = {10.1101/735928},
    year = {2019},
    month = aug,
    publisher = {Cold Spring Harbor Laboratory},
    author = {Karen H. Miga and Sergey Koren and Arang Rhie and Mitchell R. Vollger and Ariel Gershman and Andrey Bzikadze and Shelise Brooks and Edmund Howe and David Porubsky and Glennis A. Logsdon and Valerie A. Schneider and Tamara Potapova and Jonathan Wood and William Chow and Joel Armstrong and Jeanne Fredrickson and Evgenia Pak and Kristof Tigyi and Milinn Kremitzki and Christopher Markovic and Valerie Maduro and Amalia Dutra and Gerard G. Bouffard and Alexander M. Chang and Nancy F. Hansen and Fran{\c{c}}oisen Thibaud-Nissen and Anthony D. Schmitt and Jon-Matthew Belton and Siddarth Selvaraj and Megan Y. Dennis and Daniela C. Soto and Ruta Sahasrabudhe and Gulhan Kaya and Josh Quick and Nicholas J. Loman and Nadine Holmes and Matthew Loose and Urvashi Surti and Rosa ana Risques and Tina A. Graves Lindsay and Robert Fulton and Ira Hall and Benedict Paten and Kerstin Howe and Winston Timp and Alice Young and James C. Mullikin and Pavel A. Pevzner and Jennifer L. Gerton and Beth A. Sullivan and Evan E. Eichler and Adam M. Phillippy},
    title = {Telomere-to-telomere assembly of a complete human X chromosome}
}

@article {jellyfish,
    doi = {10.1093/bioinformatics/btr011},
    year = {2011},
    month = jan,
    publisher = {Oxford University Press ({OUP})},
    volume = {27},
    number = {6},
    author = {Guillaume Mar{\c{c}}ais and Carl Kingsford},
    title = {A fast,  lock-free approach for efficient parallel counting of occurrences of k-mers},
    journal = {Bioinformatics}
}

@inproceedings {levenshtein,
    title = {Binary codes capable of correcting deletions, insertions, and reversals},
    author = {Levenshtein, Vladimir I},
    booktitle = {Soviet physics doklady},
    volume = {10},
    number = {8},
    year = {1966}
}

@article {moyzis,
    doi = {10.1073/pnas.85.18.6622},
    year = {1988},
    month = sep,
    publisher = {Proceedings of the National Academy of Sciences},
    volume = {85},
    number = {18},
    author = {R. K. Moyzis and J. M. Buckingham and L. S. Cram and M. Dani and L. L. Deaven and M. D. Jones and J. Meyne and R. L. Ratliff and J. R. Wu},
    title = {A highly conserved repetitive {DNA} sequence,  ({TTAGGG})n,  present at the telomeres of human chromosomes.},
    journal = {Proceedings of the National Academy of Sciences}
}

@article {telomerecat,
    doi = {10.1038/s41598-017-14403-y},
    year = {2018},
    month = jan,
    publisher = {Springer Science and Business Media {LLC}},
    volume = {8},
    number = {1},
    author = {James H. R. Farmery and   and Mike L. Smith and Andy G. Lynch},
    title = {Telomerecat: A ploidy-agnostic method for estimating telomere length from whole genome sequencing data},
    journal = {Scientific Reports}
}

@article {miga2015,
    doi = {10.1007/s10577-015-9488-2},
    year = {2015},
    month = sep,
    publisher = {Springer Science and Business Media {LLC}},
    volume = {23},
    number = {3},
    author = {Karen H. Miga},
    title = {Completing the human genome: the progress and challenge of satellite {DNA} assembly},
    journal = {Chromosome Research}
}

@article {ngslowcomplexity,
    doi = {10.1038/nrg3117},
    year = {2011},
    month = nov,
    publisher = {Springer Science and Business Media {LLC}},
    volume = {13},
    number = {1},
    author = {Todd J. Treangen and Steven L. Salzberg},
    title = {Repetitive {DNA} and next-generation sequencing: computational challenges and solutions},
    journal = {Nature Reviews Genetics}
}

@article {bic,
    doi = {10.1214/aos/1176344136},
    year = {1978},
    month = mar,
    publisher = {Institute of Mathematical Statistics},
    volume = {6},
    number = {2},
    author = {Gideon Schwarz},
    title = {Estimating the Dimension of a Model},
    journal = {The Annals of Statistics}
}

@book {silhouette,
    doi = {10.1002/9780470316801},
    year = {1990},
    month = mar,
    publisher = {John Wiley {\&} Sons,  Inc.},
    editor = {Leonard Kaufman and Peter J. Rousseeuw},
    title = {Finding Groups in Data}
}

@article {hepc_entropy,
    doi = {10.1086/508889},
    year = {2006},
    month = dec,
    publisher = {Oxford University Press ({OUP})},
    volume = {194},
    number = {11},
    author = {Claudia Minosse and Silvia Calcaterra and Isabella Abbate and Marina Selleri and Maria~S. Zaniratti and Maria~R. Capobianchi},
    title = {Possible Compartmentalization of Hepatitis C Viral Replication in the Genital Tract of {HIV}-1{\textendash}Coinfected Women},
    journal = {The Journal of Infectious Diseases}
}

@article {HG001,
    doi = {10.1038/nature02168},
    year = {2003},
    month = dec,
    publisher = {Springer Science and Business Media {LLC}},
    volume = {426},
    number = {6968},
    title = {The International {HapMap} Project},
    journal = {Nature}
}

@article {HG00X,
    doi = {10.1038/sdata.2016.25},
    year = {2016},
    month = jun,
    publisher = {Springer Science and Business Media {LLC}},
    volume = {3},
    number = {1},
    author = {Justin M. Zook and David Catoe and Jennifer McDaniel and Lindsay Vang and Noah Spies and Arend Sidow and Ziming Weng and Yuling Liu and Christopher E. Mason and Noah Alexander and Elizabeth Henaff and Alexa B.R. McIntyre and Dhruva Chandramohan and Feng Chen and Erich Jaeger and Ali Moshrefi and Khoa Pham and William Stedman and Tiffany Liang and Michael Saghbini and Zeljko Dzakula and Alex Hastie and Han Cao and Gintaras Deikus and Eric Schadt and Robert Sebra and Ali Bashir and Rebecca M. Truty and Christopher C. Chang and Natali Gulbahce and Keyan Zhao and Srinka Ghosh and Fiona Hyland and Yutao Fu and Mark Chaisson and Chunlin Xiao and Jonathan Trow and Stephen T. Sherry and Alexander W. Zaranek and Madeleine Ball and Jason Bobe and Preston Estep and George M. Church and Patrick Marks and Sofia Kyriazopoulou-Panagiotopoulou and Grace X.Y. Zheng and Michael Schnall-Levin and Heather S. Ordonez and Patrice A. Mudivarti and Kristina Giorda and Ying Sheng and Karoline Bjarnesdatter Rypdal and Marc Salit},
    title = {Extensive sequencing of seven human genomes to characterize benchmark reference materials},
    journal = {Scientific Data}
}

@article {cpg,
    doi = {10.1261/rna.1748309},
    year = {2009},
    month = oct,
    publisher = {Cold Spring Harbor Laboratory},
    volume = {15},
    number = {12},
    author = {S. G. Nergadze and B. O. Farnung and H. Wischnewski and L. Khoriauli and V. Vitelli and R. Chawla and E. Giulotto and C. M. Azzalin},
    title = {{CpG}-island promoters drive transcription of human telomeres},
    journal = {{RNA}}
}

@article {george,
    doi = {10.1007/bf02056895},
    year = {1983},
    month = dec,
    publisher = {Springer Science and Business Media {LLC}},
    volume = {30},
    number = {1},
    pages = {1--13},
    author = {E. O. George and G. S. Mudholkar},
    title = {On the convolution of logistic random variables},
    journal = {Metrika}
}
